<?xml version="1.0" encoding="UTF-8"?><collection xmlns="http://www.loc.gov/MARC21/slim"><record><leader>00555nam--2200205-u-4500</leader><controlfield tag="001">000052931</controlfield><controlfield tag="002">20161230</controlfield><controlfield tag="005">20161230201050</controlfield><controlfield tag="008">101129s1000------------r-----000-0-eng-d</controlfield><datafield ind1=" " ind2=" " tag="020"><subfield code="a">3540418032</subfield></datafield><datafield ind1=" " ind2=" " tag="040"><subfield code="a">IFIN-HH</subfield></datafield><datafield ind1=" " ind2=" " tag="080"><subfield code="a">535:539.2</subfield></datafield><datafield ind1="1" ind2=" " tag="100"><subfield code="a">Dragoman, Daniela</subfield></datafield><datafield ind1="1" ind2="0" tag="245"><subfield code="a">Optical characterization of solids</subfield><subfield code="c">Daniela dragoman; mircea dragoman</subfield></datafield><datafield ind1=" " ind2=" " tag="260"><subfield code="a">TOKYO</subfield><subfield code="b">Spinger</subfield><subfield code="c">2002</subfield></datafield><datafield ind1=" " ind2=" " tag="300"><subfield code="a">451P</subfield></datafield><datafield ind1=" " ind2=" " tag="490"><subfield code="a">Physics And Astronomy Online Library</subfield></datafield><datafield ind1="1" ind2=" " tag="700"><subfield code="a">Dragoman, Mircea</subfield></datafield><datafield ind1=" " ind2=" " tag="852"><subfield code="a">81303</subfield><subfield code="c">535</subfield></datafield><datafield ind1=" " ind2=" " tag="CAT"><subfield code="a">Sys</subfield><subfield code="c">20120801</subfield><subfield code="h">150630</subfield></datafield></record></collection>